%%
% The BIThesis Template for Graduate Thesis
%
% Copyright 2020-2023 Yang Yating, BITNP
%
% This work may be distributed and/or modified under the
% conditions of the LaTeX Project Public License, either version 1.3
% of this license or (at your option) any later version.
% The latest version of this license is in
%   https://www.latex-project.org/lppl.txt
% and version 1.3 or later is part of all distributions of LaTeX
% version 2005/12/01 or later.
%
% This work has the LPPL maintenance status `maintained'.
%
% The Current Maintainer of this work is Feng Kaiyu.
%
% Compile with: xelatex -> biber -> xelatex -> xelatex

% ==== 攻读学位期间发表论文与研究成果清单 ====
% 以下内容存放个人的攻读学位期间发表论文与研究成果清单中的文献。
% 详细用法请参考 `./misc/pub.tex` 中的注释。

% 以下语句 `author+an = {1:myself="\Author"}` 用于指定论文作者的位置。
% 其中，
% - `1` 表示论文作者的位置，即论文作者的位置是第 1 个。
% - `myself` 为固定标记不需要修改
% - `\Author` 是一个 LaTeX 命令，会替换为作者的中文名，并在盲审模式下默认替换为「第一作者」。

% 比如，若论文作者为「李四、张三、王五」，则应该写成：
% `author+an = {2:myself="\Author[2]"}`
% 再比如，若论文作者为「李四、张三、王五、赵六」（你是共同二作），则应该写成：
% `author+an = {2:myself="\Author[][][共同二作]"}`
% **\Author 的具体用法请参考手册**。
% https://bithesis.bitnp.net/faq/bib-author.html

% `annotation = {}` 一句用于指定条目的补充内容。

% **注意：如果你的参考文献同时出现在「攻读学位期间发表论文与研究成果清单」和「参考文献」中，
% 请将条目分别添加进入 main.bib 与 pub.bib 文件中，并修改它们的key以避免重名；切勿重复使用。**

% 以上采用`\Author`，盲审模式下显示中文「第一作者」等。
% 以下采用`\AuthorEn`，盲审模式下改为英文“First Author”等。

@article{DBLP:journals/apin/YinLLSL24,
  author       = {Hang Yin and
                  Pinren Lu and
                  Ziang Li and
                  Bin Sun and
                  Kan Li},
  author+an    = {2:myself="\AuthorEn[2]"},
  title        = {{MODE:} a multimodal open-domain dialogue dataset with explanation},
  journal      = {Applied Intelligence},
  volume       = {54},
  number       = {7},
  pages        = {5891--5906},
  year         = {2024},
  url          = {https://doi.org/10.1007/s10489-024-05479-x},
  doi          = {10.1007/S10489-024-05479-X},
  timestamp    = {Mon, 27 Jan 2025 08:38:00 +0100},
  biburl       = {https://dblp.org/rec/journals/apin/YinLLSL24.bib},
  bibsource    = {dblp computer science bibliography, https://dblp.org}
}

@inproceedings{TOSWT,
  author = {Pinren Lu and Zhifeng Lin and Lin Zhang and Jiawen Liu and Shaojie Qu and Kan Li},
  author+an = {1:myself="\Author[1]"},
  title = {TOSWT: A Dataset for Tracing the Origins of Students’ Writing Texts Polished by Large Language Models},
  booktitle = {Proceedings of the 2025 13th International Conference on Information and Education Technology},
  year = {2025}
}